<record><leader>00000cas a2200000 a 4500</leader><controlfield tag="001">10864854</controlfield><controlfield tag="008">840620d18931894ksudr ne      0   a0eng d</controlfield><datafield ind1=" " ind2=" " tag="010"><subfield code="a">sn 84029244 </subfield></datafield><datafield ind1=" " ind2=" " tag="040"><subfield code="a">KSH</subfield><subfield code="b">eng</subfield><subfield code="c">KSH</subfield><subfield code="d">NPT</subfield><subfield code="d">OCL</subfield><subfield code="d">OCLCQ</subfield></datafield><datafield ind1=" " ind2=" " tag="042"><subfield code="a">msc</subfield></datafield><datafield ind1="0" ind2=" " tag="130"><subfield code="a">Daily world (Pittsburg, Kan.)</subfield></datafield><datafield ind1="1" ind2="4" tag="245"><subfield code="a">The Daily world.</subfield></datafield><datafield ind1=" " ind2=" " tag="260"><subfield code="a">Pittsburg, Kan. :</subfield><subfield code="b">[Abe Steinberger],</subfield><subfield code="c">1893-1894.</subfield></datafield><datafield ind1=" " ind2=" " tag="300"><subfield code="a">1 v. ;</subfield><subfield code="c">27-54 cm.</subfield></datafield><datafield ind1=" " ind2=" " tag="310"><subfield code="a">Daily (except Sunday)</subfield></datafield><datafield ind1="0" ind2=" " tag="362"><subfield code="a">Vol. 5, no. 31 (Aug. 5, 1893)-v. 6, no. 300 (Dec. 30, 1894).</subfield></datafield><datafield ind1=" " ind2=" " tag="500"><subfield code="a">Published in: Girard, Kan., Jan. 1-Dec. 30, 1894.</subfield></datafield><datafield ind1=" " ind2=" " tag="752"><subfield code="a">United States</subfield><subfield code="b">Kansas</subfield><subfield code="c">Crawford</subfield><subfield code="d">Pittsburg.</subfield></datafield><datafield ind1=" " ind2=" " tag="752"><subfield code="a">United States</subfield><subfield code="b">Kansas</subfield><subfield code="c">Crawford</subfield><subfield code="d">Girard.</subfield></datafield><datafield ind1="0" ind2="0" tag="780"><subfield code="t">Pittsburg daily world (Pittsburg, Kan. : 1892)</subfield><subfield code="w">(DLC)sn 84029151</subfield></datafield><datafield ind1="0" ind2="0" tag="785"><subfield code="t">Daily world (Girard, Kan.)</subfield><subfield code="w">(DLC)sn 84029152</subfield></datafield></record>